@article{googlenet,
    author =       "Christian Szegedy, Wei Liu, Yangqing Jia, Pierre Sermanet, Scott Reed, Dragomir Anguelov, Dumitru Erhan, Vincent Vanhoucke, Andrew Rabinovich",
    title = "Going Deeper With Convolutions",
    year =  "2014",
    DOI =          "https://arxiv.org/abs/1409.4842"
}
 
 
